@article{tapestry-goldberg,
	author = {Goldberg, D. and Nichols, D. and Oki, B.M. and Terry, D.},
	title = "{Using collaborative filtering to Weave an Information tapestry}",
	journal  = "Communications of the ACM",
	volume = "35",
	issue = "12",
	pages = "61-70",
	year = "1992"
}

@chapter{polylens,
	author = {O'Connor, M. and Cosley, D. and Konstan, J.A. and Riedl, J.},
	year = {2001},
	pages = {199-218},
	title = "{PolyLens: A Recommender System for Groups of Users}",
	booktitle = {ECSCW 2001}
}

@misc{netflix-prize,
	title = "{Netflix Prize}",
	note = "\url{https://www.netflixprize.com/}"
}

@misc{netflix-prize-winner,
	title = "{Netflix Prize Forum: Grand Prize awarded to team BellKor's Pragmatic Chaos}",
	note = "\url{https://www.netflixprize.com/community/topic_1537.html}"
}